@misc{NWPUThesisLaTeXTemplate,
  title  = {{{\LaTeX}} Template For {NPU} Thesis},
  author = {Shangkun Shen and Zhihe Wang and Jiduo Zhang and Weijia Zhang},
  year   = {2016},
  month  = {05}
}

@book{knuth1986the,
  title     = {The {{\TeX}}book},
  author    = {Knuth, Donald E},
  publisher = {Addison-Wesley},
  year      = {1986}
}

@book{lamport1989latex:,
  title     = {{{\LaTeX}}: a document preparation system},
  author    = {Lamport, Leslie},
  publisher = {Addison-Wesley Professional},
  year      = {1989}
}


@article{szegedy2015going,
  title   = {Going deeper with convolutions},
  author  = {Szegedy, Christian and Liu, Wei and Jia, Yangqing and Sermanet, Pierre and Reed, Scott E and Anguelov, Dragomir and Erhan, Dumitru and Vanhoucke, Vincent and Rabinovich, Andrew},
  journal = {computer vision and pattern recognition},
  pages   = {1--9},
  year    = {2015}
}

@misc{MathSymbolsinLaTeXbypolossk,
  title  = {Math Symbols in {{\LaTeX}}},
  author = {Shangkun Shen},
  year   = {2017},
  month  = {10}
}
@inproceedings{杨旸2021我国民用无人机产业及发展趋势研究,
  title={我国民用无人机产业及发展趋势研究},
  author={杨旸},
  booktitle={劳动保障研究会议论文集(十四)},
  year={2021}
}
@article{hart1968formal,
  title={A formal basis for the heuristic determination of minimum cost paths},
  author={Hart, Peter E and Nilsson, Nils J and Raphael, Bertram},
  journal={IEEE Transactions on Systems Science and Cybernetics},
  volume={4},
  number={2},
  pages={100--107},
  year={1968},
  publisher={IEEE}
}
@inproceedings{tianzhu2016three,
  title={Three-dimensional path planning of UAV based on an improved A algorithm},
  author={Tianzhu, Ren and Rui, Zhou and Jie, Xia and Zhuoning, Dong},
  booktitle={IEEE Chinese Guidance, Navigation and Control Conference},
  pages={140--145},
  year={2016},
  organization={IEEE}
}
@inproceedings{webb2013kinodynamic,
  title={Kinodynamic RRT*: Asymptotically optimal motion planning for robots with linear dynamics},
  author={Webb, Dustin J and Van Den Berg, Jur},
  booktitle={IEEE international conference on robotics and automation},
  pages={5054--5061},
  year={2013},
  organization={IEEE}
}
Anytime motion planning using the RRT
@inproceedings{karaman2011anytime,
  title={Anytime motion planning using the RRT},
  author={Karaman, Sertac and Walter, Matthew R and Perez, Alejandro and Frazzoli, Emilio and Teller, Seth},
  booktitle={IEEE International Conference on Robotics and Automation},
  pages={1478--1483},
  year={2011},
  organization={IEEE}
}
Informed RRT*: Optimal sampling-based path planning focused via direct sampling of an admissible ellipsoidal heuristic
@inproceedings{gammell2014informed,
  title={Informed RRT*: Optimal sampling-based path planning focused via direct sampling of an admissible ellipsoidal heuristic},
  author={Gammell, Jonathan D and Srinivasa, Siddhartha S and Barfoot, Timothy D},
  booktitle={IEEE/RSJ International Conference on Intelligent Robots and Systems},
  pages={2997--3004},
  year={2014},
  organization={IEEE}
}

Path planning in complex 3D environments using a probabilistic roadmap method
@article{yan2013path,
  title={Path planning in complex 3D environments using a probabilistic roadmap method},
  author={Yan, Fei and Liu, Yi-Sha and Xiao, Ji-Zhong},
  journal={International Journal of Automation and computing},
  volume={10},
  number={6},
  pages={525--533},
  year={2013},
  publisher={Springer}
}
The three-dimension path planning of UAV based on improved artificial potential field in dynamic environmen
@inproceedings{chen2013three,
  title={The three-dimension path planning of UAV based on improved artificial potential field in dynamic environment},
  author={Chen, Xia and Zhang, Jing},
  booktitle={International Conference on Intelligent Human-Machine Systems and Cybernetics},
  volume={2},
  pages={144--147},
  year={2013},
  organization={IEEE}
}
Path planning for UAVS based on improved artificial potential field method through changing the repulsive potential function
@inproceedings{lifen2016path,
  title={Path planning for UAVS based on improved artificial potential field method through changing the repulsive potential function},
  author={Lifen, Liu and Ruoxin, Shi and Shuandao, Li and Jiang, Wu},
  booktitle={IEEE Chinese Guidance, Navigation and Control Conference},
  pages={2011--2015},
  year={2016},
  organization={IEEE}
}
@inproceedings{yingkun2018flight,
  title={Flight path planning of agriculture UAV based on improved artificial potential field method},
  author={Yingkun, Zhang},
  booktitle={Chinese Control And Decision Conference},
  pages={1526--1530},
  year={2018},
  organization={IEEE}
}
3-D path planning for the navigation of unmanned aerial vehicles by using evolutionary algorithms
@inproceedings{hasircioglu20083,
  title={3-D path planning for the navigation of unmanned aerial vehicles by using evolutionary algorithms},
  author={Hasircioglu, Isil and Topcuoglu, Haluk Rahmi and Ermis, Murat},
  booktitle={Proceedings of the 10th annual conference on Genetic and evolutionary computation},
  pages={1499--1506},
  year={2008}
}

@article{kuo2017migrant,
  title={A migrant-inspired path planning algorithm for obstacle run using particle swarm optimization, potential field navigation, and fuzzy logic controller},
  author={Kuo, Ping-Huan and Li, Tzuu-Hseng S and Chen, Guan-Yu and Ho, Ya-Fang and Lin, Chih-Jui},
  journal={The Knowledge Engineering Review},
  volume={32},
  year={2017},
  publisher={Cambridge University Press}
}
@article{kroumov20103d,
  title={3D path planning for mobile robots using simulated annealing neural network},
  author={Kroumov, Valeri and Yu, Jianli and Shibayama, Keishi},
  journal={International Journal of Innovative Computing, Information and Control},
  volume={6},
  number={7},
  pages={2885--2899},
  year={2010}
}

@article{wang2019uav,
  title={UAV path planning based on A-star algorithm and artificial potential field method [J]},
  author={Wang, YC and Dai, ZX and Li, T},
  journal={Journal of Yangzhou University (Natural Science Edition)},
  volume={22},
  number={003},
  pages={36--38},
  year={2019}
}
@inproceedings{mellinger2011minimum,
  title={Minimum snap trajectory generation and control for quadrotors},
  author={Mellinger, Daniel and Kumar, Vijay},
  booktitle={IEEE international conference on robotics and automation},
  pages={2520--2525},
  year={2011},
  organization={IEEE}
}
@inproceedings{chen2016online,
  title={Online generation of collision-free trajectories for quadrotor flight in unknown cluttered environments},
  author={Chen, Jing and Liu, Tianbo and Shen, Shaojie},
  booktitle={IEEE international conference on robotics and automation},
  pages={1476--1483},
  year={2016},
  organization={IEEE}
}
@inproceedings{gao2018online,
  title={Online safe trajectory generation for quadrotors using fast marching method and bernstein basis polynomial},
  author={Gao, Fei and Wu, William and Lin, Yi and Shen, Shaojie},
  booktitle={IEEE International Conference on Robotics and Automation },
  pages={344--351},
  year={2018},
  organization={IEEE}
}
@inproceedings{oleynikova2016continuous,
  title={Continuous-time trajectory optimization for online uav replanning},
  author={Oleynikova, Helen and Burri, Michael and Taylor, Zachary and Nieto, Juan and Siegwart, Roland and Galceran, Enric},
  booktitle={IEEE/RSJ International Conference on Intelligent Robots and Systems },
  pages={5332--5339},
  year={2016},
  organization={IEEE}
}
@article{ding2019efficient,
  title={An efficient b-spline-based kinodynamic replanning framework for quadrotors},
  author={Ding, Wenchao and Gao, Wenliang and Wang, Kaixuan and Shen, Shaojie},
  journal={IEEE Transactions on Robotics},
  volume={35},
  number={6},
  pages={1287--1306},
  year={2019},
  publisher={IEEE}
}
@article{zhou2019robust,
  title={Robust and efficient quadrotor trajectory generation for fast autonomous flight},
  author={Zhou, Boyu and Gao, Fei and Wang, Luqi and Liu, Chuhao and Shen, Shaojie},
  journal={IEEE Robotics and Automation Letters},
  volume={4},
  number={4},
  pages={3529--3536},
  year={2019},
  publisher={IEEE}
}
@inproceedings{zhou2020robust,
  title={Robust real-time uav replanning using guided gradient-based optimization and topological paths},
  author={Zhou, Boyu and Gao, Fei and Pan, Jie and Shen, Shaojie},
  booktitle={IEEE International Conference on Robotics and Automation },
  pages={1208--1214},
  year={2020},
  organization={IEEE}
}


@article{zhou2021raptor,
  title={Raptor: Robust and perception-aware trajectory replanning for quadrotor fast flight},
  author={Zhou, Boyu and Pan, Jie and Gao, Fei and Shen, Shaojie},
  journal={IEEE Transactions on Robotics},
  volume={37},
  number={6},
  pages={1992--2009},
  year={2021},
  publisher={IEEE}
}
@mastersthesis{谈冰然2020基于空气动力学补偿的四旋翼无人机飞行控制与轨迹规划,
  title={基于空气动力学补偿的四旋翼无人机飞行控制与轨迹规划},
  author={谈冰然},
  year={2020},
  school={哈尔滨工业大学}
}
@mastersthesis{黄敏2013基于微分平坦理论的四旋翼无人机轨迹规划的研究,
  title={基于微分平坦理论的四旋翼无人机轨迹规划的研究},
  author={黄敏},
  year={2013},
  school={东北大学}
}
@article{sederberg2012computer,
  title={Computer aided geometric design},
  author={Sederberg, Thomas W},
  year={2012}
}
@book{boyd2004convex,
  title={Convex optimization},
  author={Boyd, Stephen and Boyd, Stephen P and Vandenberghe, Lieven},
  year={2004},
  publisher={Cambridge university press}
}
@article{sethian1999fast,
  title={Fast marching methods},
  author={Sethian, James A},
  journal={SIAM review},
  volume={41},
  number={2},
  pages={199--235},
  year={1999},
  publisher={SIAM}
}
@article{汪朝群1990航天飞机的再入飞行走廊及再入飞行轨迹,
  title={航天飞机的再入飞行走廊及再入飞行轨迹},
  author={汪朝群},
  journal={航天控制},
  volume={8},
  number={1},
  pages={1--10},
  year={1990}
}
@article{陈成2015基于四阶贝塞尔曲线的无人车可行轨迹规划,
  title={基于四阶贝塞尔曲线的无人车可行轨迹规划},
  author={陈成 and 何玉庆 and 卜春光 and 韩建达},
  journal={自动化学报},
  volume={41},
  number={3},
  pages={486--496},
  year={2015},
  publisher={自动化学报}
}
@inproceedings{xiao2020xtdrone,
  title={XTDrone: A customizable multi-rotor UAVs simulation platform},
  author={Xiao, Kun and Tan, Shaochang and Wang, Guohui and An, Xueyan and Wang, Xiang and Wang, Xiangke},
  booktitle={2020 4th International Conference on Robotics and Automation Sciences },
  pages={55--61},
  year={2020},
  organization={IEEE}
}

@article{koenig2002d,
  title={D{}* lite},
  author={Koenig, Sven and Likhachev, Maxim},
  journal={Aaai/iaai},
  volume={15},
  pages={476--483},
  year={2002}
}
@article{frana2010interview,
  title={An interview with edsger w. dijkstra},
  author={Frana, Philip L and Misa, Thomas J},
  journal={Communications of the ACM},
  volume={53},
  number={8},
  pages={41--47},
  year={2010},
  publisher={ACM New York, NY, USA}
}
@inproceedings{nash2010lazy,
  title={Lazy Theta*: Any-angle path planning and path length analysis in 3D},
  author={Nash, Alex and Koenig, Sven and Tovey, Craig},
  booktitle={Proceedings of the AAAI Conference on Artificial Intelligence},
  volume={24},
  number={1},
  pages={147--154},
  year={2010}
}
@article{ferguson2006using,
  title={Using interpolation to improve path planning: The Field D* algorithm},
  author={Ferguson, Dave and Stentz, Anthony},
  journal={Journal of Field Robotics},
  volume={23},
  number={2},
  pages={79--101},
  year={2006},
  publisher={Wiley Online Library}
}